<?xml version="1.0" encoding="UTF-8"?><record xmlns="http://www.loc.gov/MARC21/slim" xmlns:cinclude="http://apache.org/cocoon/include/1.0" xmlns:zs="http://www.loc.gov/zing/srw/">
  <leader>00474cz  a2200145n  4500</leader>
  <controlfield tag="001">n 2008067307</controlfield>
  <controlfield tag="003">DLC</controlfield>
  <controlfield tag="005">20081007100306.0</controlfield>
  <controlfield tag="008">081002n| acannaabn          |n aaa      </controlfield>
  <datafield tag="010" ind1=" " ind2=" ">
    <subfield code="a">n 2008067307</subfield>
  </datafield>
  <datafield tag="040" ind1=" " ind2=" ">
    <subfield code="a">DLC</subfield>
    <subfield code="b">eng</subfield>
    <subfield code="c">DLC</subfield>
  </datafield>
  <datafield tag="100" ind1="1" ind2=" ">
    <subfield code="a">Gee, Maggie,</subfield>
    <subfield code="d">1923-</subfield>
  </datafield>
  <datafield tag="670" ind1=" " ind2=" ">
    <subfield code="a">Moss, Marissa. Sky high, 2009:</subfield>
    <subfield code="b">t.p. (Maggie Gee)</subfield>
  </datafield>
  <datafield tag="670" ind1=" " ind2=" ">
    <subfield code="a">E-mail message from pub., 10-06-08: (Maggie Gee; b. 08-05-1923)</subfield>
  </datafield>
  <datafield tag="675" ind1=" " ind2=" ">
    <subfield code="a">Phone call and e-mail to pub., 09-30-2008: (Birth date unavailable)</subfield>
  </datafield>
</record>